@BOOK{CIML,
	AUTHOR = "Hal Daume III.",
	TITLE = "A Course in Machine Learning",
	YEAR = "Secondary printing, January 2017"
}

@BOOK{PDG,
	AUTHOR = "C. Patrignani et al. (Particle Data Group)",
	TITLE = "The Review of Particle Physics",
	PUBLISHER = "Chin. Phys. C, 40",
	YEAR = "100001 (2016) and 2017 update"
}
@BOOK{povh,
	AUTHOR = "Povh, B. and Rith, K. and Scholz, C. and Zetsche, F. and Rodejohann, W.",
	TITLE = "Teilchen und Kerne",
	PUBLISHER = "Springer-Lehrbuch",
	YEAR = "8. Auflage, 2009"
}
@BOOK{demtroeder,
	AUTHOR = "Demt{\"o}der, Wolfgang",
	TITLE = "Experimentalphysik 4",
	PUBLISHER = "Springer-Verlag Berlin Heidelberg New York",
	YEAR = "2. Auflage, 2004"
}
@BOOK{lange,
	AUTHOR = "Lange, AR Dr. Jens S{\"o}ren",
	TITLE = "Anleitung zum physikalischen Praktikum f{\"u}r Fortgeschrittene Teil II: Comptoneffekt",
	PUBLISHER = "Justus-Liebig-Universit{\"a}t Giessen",
	YEAR = "Version 1.03, 24.05.2015"
}
@BOOK{fehler,
	AUTHOR = "Lange, AR Dr. Jens S{\"o}ren",
	TITLE = "Physikalisches Grundpraktikum Teil III",
	PUBLISHER = "JLU Giessen",
	YEAR = "Vers. 3.09, 01.02.2012"
}
@BOOK{wermes,
	AUTHOR = "Kolanoski, Hermann and Wermes, Norbert",
	TITLE = "Teilchendetektoren",
	PUBLISHER = "Springer Spektrum",
	YEAR = "1. Auflage, Juli 2015"
}
@BOOK{rodnyi,
	AUTHOR = "Rodnyi, Piotr A.",
	TITLE = "Physical Processes in Inorganic Scintillators",
	PUBLISHER = "The CRC Press",
	YEAR = "1997"
}
@BOOK{moore,
	AUTHOR = "Moore, John H.",
	TITLE = "Building scientific apparatus",
	PUBLISHER = "Cambridge University Press",
	YEAR = "Fourth edition, August 2012"
}
@techreport{sensL,
	author    = "sensL",
	title     = "An Introduction to the Silicon Photomultiplier ",
	institution = "sensL",
	number   = "Rev. 6.0",
	year      = "2017",
	month    = "February",
}
@article{buzhan,
	author    = "Buzhan, P. et al",
	title     = "An Advanced Study on Silicon Photomultiplier",
	institution = "Moscow Engineering and Physics Institute, “Pulsar” Enterprise, Lebedev Physical Institute, Moscow, Russia",
	journal = "ICFA Instrumentation Bulletin",
	year      = "2001",
}
@misc{ketek,
	author    = "KETEK GmbH",
	title     = "Microcell construction",
	howpublished = " Retrieved online: \url{https://www.ketek.net/sipm/technology/}",
	year      = "June, 2017",
}
@BOOK{FRET,
	AUTHOR = "Helms, Volkhard",
	TITLE = "Principles of Computational Cell Biology",
	PUBLISHER = "Wiley-VCH",
	YEAR = "2008"
}
@inproceedings{birks,
	author		= "Birks, J. B.",
	title		= "Scintillations from  Organic Crystals: Specific  Fluorescence 
	and Relative Response to Different Radiations ",
	booktitle	= "Proceedings of the Physical Society A",
	volume		= "63",
	pages		= "874-877",
	organization	= "Department of Natural Philosophy, University of Glasgow",
	year		= "1951",
	month		= "April",
}
@inproceedings{franck,
	author		= "Franck, J.",
	title		= "Elementary processes of photochemical reactions",
	booktitle	= "Transactions of the Faraday Society",
	volume		= "21",
	pages		= "536-542",
	organization	= "II. Physikalisches Institut der Universiaet Goettingen",
	year		= "1925",
	month		= "August",
}
@BOOK{Lecoq,
	AUTHOR = "Lecoq et al.",
	TITLE = "Inorganic Scintillators for Detector Systems",
	PUBLISHER = "Springer Science+Business and Media",
	YEAR = "2006"
}
@misc{eljen,
	author    = "ELJEN Technology",
	title     = "Product Datasheets",
	howpublished = " Retrieved online: \url{http://www.eljentechnology.com/products/plastic-scintillators}",
	year      = "July, 2017",
}
@misc{saint-gobain,
	author    = "Saint-Gobain Crystals ",
	title     = "Product Datasheets",
	howpublished = " Retrieved online: \url{http://www.crystals.saint-gobain.com/products/crystal-scintillation}",
	year      = "July, 2017",
}
@mastersthesis{chris,
	AUTHOR = "Christopher Hahn",
	TITLE = "Measurements on the radiation hardness of the high voltage subdistribution  prototype of the Electromagnetic Calorimeter for the PANDA Experiment",
	SCHOOL = "Justus Liebig University",
	YEAR = "Mai 2017"
}
@unpublished{SciTil,
	AUTHOR = "Austrian Academy of Sciences, Stefan Meyer Insitute for Subatomic Physics",
	TITLE = "Technical Design Report for the SciTil Detector for PANDA",
	NOTE= "Under review"
}
@misc{SiPM_Manual,
	author    = "KETEK GmbH",
	title     = "SiPM PM3325-EB/PM3350-EB Datasheet",
	howpublished = " Retrieved online: \url{https://www.ketek.net/documentation/sipm-downloads/}",
	year      = "June, 2017"
}
@misc{photonique,
	author    = "Photonique SA",
	title     = "Photonique preamplifier",
	howpublished = " Retrieved online: \url{http://www.photonique.ch/Prod_AMP_0600.html}",
	year      = "July, 2017"
}
@BOOK{schauer_projekt,
	AUTHOR = "Nies, L. and Adi, W. and Peter, M. and  Steinbrecher, P.",
	TITLE = "Kosmische Strahlung: Myonendetektion mit dem Raspberry Pi, under review",
	PUBLISHER = "II. Physikalisches Institut, Justus Liebig Universit{\"a}t Giessen",
	YEAR = "Stand Mai 2016"
}
@inproceedings{sebastian,
	AUTHOR = "Zimmermann, S.",
	TITLE = "The PANDA Barrel-TOF Detector",
	ORGANIZATION = "Austrian Academy of Sciences, Stefan Meyer Insitute for Subatomic Physics",
	SERIES = "DPG-Fr{\"u}hjahrstagung, M{\"u}nster",
	YEAR = "28th of March, 2017"
}
@misc{root,
	author    = "CERN",
	title     = "ROOT",
	howpublished = " Accessed online: \url{https://root.cern.ch/#}",
	year      = "July, 2017"
}
@misc{ketek_preamp,
	author    = "KETEK GmbH",
	title     = "Website",
	howpublished = " Accessed online: \url{https://www.ketek.net/}",
	year      = "August, 2017"
}
@BOOK{gamma_energy,
	AUTHOR = "Reus, U. and Westmeier, W.",
	TITLE = "Catalog of Gamma Rays From Radioactive Decay Part II",
	ORGANIZATION = "Institut f{\"u}r Kernchemie, Universit{\"a}t Marburg, Lahnberge, West Germany",
	PUBLISHER = "Academic Press Inc.",
	YEAR = "September 1983"
}
@BOOK{panda_emctdr,
	AUTHOR = "PANDA Collaboration",
	TITLE = "Technical Design Report for the PANDA Electromagnetic Calorimeter",
	PUBLISHER = "arXiv:0810.1216 [physics.ins-det]",
	YEAR = "2008"
}
@unpublished{analytical_report,
	AUTHOR = "EAG Laboratories",
	TITLE = "GDMS Analytical Report for a lead tungstate sample",
	NOTE = "Internal document",
	month = 12,
	YEAR = "2016"
}